@manual{V504,
  author = {TU Dortmund},
  title = {V504 Thermische Elektronenemission},
  year = 2014
}
