@manual{US2,
  author = {TU Dortmund},
  title = {US2, Scanverfahren in der Ultraschalltechnik},
  url = "http://129.217.224.2/HOMEPAGE/PHYSIKER/BACHELOR/AP/SKRIPT/UltraschallScan.pdf",
  urldate = "2018-06-11",
}
