@manual{US1,
  author = {TU Dortmund},
  title = {US1, Grundlagen der Ultraschalltechnik},
  url = "http://129.217.224.2/HOMEPAGE/PHYSIKER/BACHELOR/AP/SKRIPT/UltraschallGL.pdf",
  urldate = "2018-06-03",
}

@online{Acryl,
title = {Material Sound Velocities},
url = "https://www.olympus-ims.com/de/ndt-tutorials/thickness-gage/appendices-velocities/",
urldate = "2018-06-03",
}

@online{Auge,
title = {Hintergrund-Information: Das menschliche Auge in Zahlen},
url = "http://www.mathematik.de/spudema/spudema_beitraege/beitraege/rooch/fenster/auge.html",
urldate = "2018-06-03",
}
