@manual{V303,
  author = {TU Dortmund},
  title = {Anleitung zu V303, Der Lock-In-Verst√§rker},
  url = "http://129.217.224.2/HOMEPAGE/PHYSIKER/BACHELOR/AP/SKRIPT/LockIn.pdf",
}
