@manual{V201,
  author = {TU Dortmund},
  title = {Anleitung zu V201, Das Dulong-Petitsche Gesetz},
  year = 2014
}

@online{Molwärme,
  title = {Molwärme},
  url = "http://deacademic.com/dic.nsf/dewiki/970274",
  urldate = "2018-01-10",

}
