@manual{AnleitungV702,
  author = {TU Dortmund},
  title = {Anleitung zu V351, Aktivierung mit Neutronen},
  url = "http://129.217.224.2/HOMEPAGE/PHYSIKER/BACHELOR/AP/SKRIPT/V702.pdf"
}
@manual{Periode
  title = {Online Periodensystem},
  url = "http://www.periodensystem-online.de"
 }