@manual{AnleitungV206,
  author = {TU Dortmund},
  title = {Anleitung zu V206, Die WÃ¤rmepumpe},
  url = "http://129.217.224.2/HOMEPAGE/PHYSIKER/BACHELOR/AP/SKRIPT/V206.pdf",
}
