@manual{manualV354,
  author = {TU Dortmund},
  title = {Anleitung V354, ged√§mpfte und erzwungene Schwingungen},
}

@manual{manualV353,
  author = {TU Dortmund},
  title = {Anleitung V353, Das Relaxationsverhalten eines RC-Kreises},
}
