@manual{V703,
  author = {TU Dortmund},
  title = {Anleitung zu Versuch V703, Das Geiger-Müller-Zählrohr},
  url = "http://129.217.224.2/HOMEPAGE/PHYSIKER/BACHELOR/AP/SKRIPT/V703.pdf",
  urldate = "2018-05-21",
}
