@manual{V302,
  author = {TU Dortmund},
  title = {Anleitung zu V302, Elektrische Br√ºckenschaltungen},
  url = "http://129.217.224.2/HOMEPAGE/PHYSIKER/BACHELOR/AP/SKRIPT/V302.pdf"
}
