@manual{sample,
  author = {TU Dortmund},
  title = {Anleitung zu V701, Reichweite von $\alpha$-Strahlung},
  url = "http://129.217.224.2/HOMEPAGE/PHYSIKER/BACHELOR/AP/SKRIPT/Alpha.pdf",
  urldate = "2018-06-18",
}
