@manual{V501,
  author = {TU Dortmund},
  title = {Anleitung zu V501, Ablenkung eines Elektronenstrahls im elektrischen Feld},
  url = "http://129.217.224.2/HOMEPAGE/PHYSIKER/BACHELOR/AP/SKRIPT/V501.pdf",
}

@manual{V502,
  author = {TU Dortmund},
  title = {Anleitung zu V502, Ablenkung eines Elektronenstrahls im transversalen Magnetfeld},
  url = "http://129.217.224.2/HOMEPAGE/PHYSIKER/BACHELOR/AP/SKRIPT/V502.pdf",
}
