@manual{V601,
  author = {TU Dortmund},
  title = {V601 Franck-Hertz-Versuch},
  year = 2014
}

@online{Ion,
title = {Der Franck-Hertz-Versuch},
url = "https://lp.uni-goettingen.de/get/text/1612",
urldate = "2018-05-21"
}

@online{Queck,
title = {Quecksilber},
url = "http://www.periodensystem.info/elemente/quecksilber/",
urldate = "2018-05-21"
}
