@manual{sample,
  author = {TU Dortmund},
  title = {Versuch zum Literaturverzeichnis},
  year = 2014
}
@online{ref1,
  title     = {Brechungsindex},
  url  = "https://www.uni-potsdam.de/u/phys_gprakt/html/projekte/brechungsindex/brechungsindex_38.pdf",
  urldate = "2018-06-25"
}

@online{ref2,
  title     = {Abelsche Zahl},
  url  = "https://www.edmundoptics.de/resources/application-notes/optics/optical-glass/",
  urldate = "2018-06-25"
}