@manual{sample,
  author = {Physikalisches Praktikum der TU Dortmund},
  title = {V401, Das Michelson-Interferometer},
  url = "http://129.217.224.2/HOMEPAGE/PHYSIKER/BACHELOR/AP/SKRIPT/V401.pdf",
  urldate = "2018-07-01",
}

@online{brech,
title = {Brechzahl},
url = "http://www.chemie.de/lexikon/Brechzahl.html#Brechzahl_der_Luft_und_anderer_Stoffe",
urldate = "2018-07-01",
}
