@manual{sample,
  author = {TU Dortmund},
  title = {V406, Beugung am Spalt},
  url = "http://129.217.224.2/HOMEPAGE/PHYSIKER/BACHELOR/AP/SKRIPT/V406.pdf",
  urldate = "2018-07-09",
}
