@manual{AnleitungV351,
  author = {TU Dortmund},
  title = {Anleitung zu V351, Fourier-Analyse und Synthese},
  url = "http://129.217.224.2/HOMEPAGE/PHYSIKER/BACHELOR/AP/SKRIPT/V351.pdf",
}
