@manual{manualV602,
  author = {TU Dortmund},
  title = {Anleitung V602, RÃ¶ntgenemission und - absorption},
}
