@manual{sample,
  author = {TU Dortmund},
  title = {Anleitung V105 Das Magnetische Moment},
}
