@manual{V301,
  author = {TU Dortmund},
  title = {Anleitung zu V301, Leerlaufspannung und Innenwiderstand von Spannungsquellen},
  url = "http://129.217.224.2/HOMEPAGE/PHYSIKER/BACHELOR/AP/SKRIPT/V301.pdf",
}
