@manual{V204,
  author = {TU Dortmund},
  title = {Versuch zum Literaturverzeichnis},
  url = "http://129.217.224.2/HOMEPAGE/PHYSIKER/BACHELOR/AP/SKRIPT/Waermeleitf.pdf",
}

@online{Metalle,
  title = {Wärmeleitfähigkeit},
  url = "http://www.chemie.de/lexikon/W%C3%A4rmeleitf%C3%A4higkeit.html",
}
